<?xml version="1.0"?>
<collection xsi:schemaLocation="http://www.loc.gov/MARC21/slim http://www.loc.gov/standards/marcxml/schema/MARC21slim.xsd" xmlns="http://www.loc.gov/MARC21/slim" xmlns:xsi="http://www.w3.org/2001/XMLSchema-instance">
  <record id="catkey_6853178">
    <leader>00956cam  2200229 a 4500</leader>
    <controlfield tag="001">a6853178</controlfield>
    <controlfield tag="008">061017s2007    nyua     b    001 0deng</controlfield>
    <datafield tag="010" ind1=" " ind2=" ">
      <subfield code="a">  2006034692</subfield>
    </datafield>
    <datafield tag="020" ind1=" " ind2=" ">
      <subfield code="a">9781580462525 (hardcover)</subfield>
    </datafield>
    <datafield tag="020" ind1=" " ind2=" ">
      <subfield code="a">1580462529 (hardcover)</subfield>
    </datafield>
    <datafield tag="040" ind1=" " ind2=" ">
      <subfield code="a">DLC</subfield>
      <subfield code="c">DLC</subfield>
      <subfield code="d">DLC</subfield>
    </datafield>
    <datafield tag="043" ind1=" " ind2=" ">
      <subfield code="a">e------</subfield>
    </datafield>
    <datafield tag="050" ind1="0" ind2="0">
      <subfield code="a">ML410.M5</subfield>
      <subfield code="b">C66 2007</subfield>
    </datafield>
    <datafield tag="100" ind1="1" ind2=" ">
      <subfield code="a">Cooper, John Michael.</subfield>
    </datafield>
    <datafield tag="245" ind1="1" ind2="0">
      <subfield code="a">Mendelssohn, Goethe, and the Walpurgis night :</subfield>
      <subfield code="b">the heathen muse in European culture, 1700-1850 /</subfield>
      <subfield code="c">John Michael Cooper.</subfield>
    </datafield>
    <datafield tag="260" ind1=" " ind2=" ">
      <subfield code="a">Rochester, NY :</subfield>
      <subfield code="b">University of Rochester Press,</subfield>
      <subfield code="c">2007.</subfield>
    </datafield>
    <datafield tag="300" ind1=" " ind2=" ">
      <subfield code="a">xvi, 284 p. :</subfield>
      <subfield code="b">ill. ;</subfield>
      <subfield code="c">24 cm.</subfield>
    </datafield>
    <datafield tag="440" ind1=" " ind2="0">
      <subfield code="a">Eastman studies in music</subfield>
      <subfield code="x">1071-9989 ;</subfield>
      <subfield code="v">v. 43</subfield>
    </datafield>
    <datafield tag="504" ind1=" " ind2=" ">
      <subfield code="a">Includes bibliographical references (p. [261]-274) and indexes.</subfield>
    </datafield>
    <datafield tag="505" ind1="0" ind2=" ">
      <subfield code="a">The cultural and religious prehistories -- Tolerance, translation, and acceptance : Goethe's and Mendelssohn's voices in European cultural discourse to ca. 1850 -- Reality and illusion, past and present : Goethe and the Walpurgisnacht -- The composition, revision, and publication of Mendelssohn's Die erste Walpurgisnacht -- The sources, structure, and narrative of Mendelssohn's Walpurgisnacht settings -- At the crossroads of identity : critical and artistic responses to Goethe's and Mendelssohn's Walpurgisnacht treatments -- Performing identity and alterity : Die erste Walpurgisnacht then and now.</subfield>
    </datafield>
    <datafield tag="600" ind1="1" ind2="0">
      <subfield code="a">Mendelssohn-Bartholdy, Felix,</subfield>
      <subfield code="d">1809-1847.</subfield>
      <subfield code="t">Erste Walpurgisnacht.</subfield>
    </datafield>
    <datafield tag="600" ind1="1" ind2="0">
      <subfield code="a">Goethe, Johann Wolfgang von,</subfield>
      <subfield code="d">1749-1832.</subfield>
      <subfield code="t">Faust.</subfield>
    </datafield>
    <datafield tag="650" ind1=" " ind2="0">
      <subfield code="a">Europe</subfield>
      <subfield code="x">Religious life and customs.</subfield>
    </datafield>
    <datafield tag="650" ind1=" " ind2="0">
      <subfield code="a">Other (Philosophy)</subfield>
    </datafield>
    <datafield tag="856" ind1="4" ind2="1">
      <subfield code="3">Table of contents only</subfield>
      <subfield code="u">http://www.loc.gov/catdir/toc/ecip074/2006034692.html</subfield>
    </datafield>
    <datafield tag="980" ind1=" " ind2=" ">
      <subfield code="f">I-20017070</subfield>
    </datafield>
    <datafield tag="983" ind1=" " ind2=" ">
      <subfield code="a">36105123269487</subfield>
    </datafield>
    <datafield tag="596" ind1=" " ind2=" ">
      <subfield code="a">18</subfield>
    </datafield>
    <datafield tag="920" ind1=" " ind2=" ">
      <subfield code="b">"Mendelssohn, Goethe, and the Walpurgis Night" is a book about tolerance and acceptance in the face of cultural, political, and religious strife. Its point of departure is the Walpurgis Night. The Night, also known as Beltane or May Eve, was supposedly an annual witches' Sabbath that centered around the Brocken, the highest peak of the Harz Mountains. After exploring how a notoriously pagan celebration came to be named after the Christian missionary St. Walpurgis (ca. 710-79), John Michael Cooper discusses the Night's treatments in several closely interwoven works by Goethe and Mendelssohn. His book situates those works in their immediate personal and professional contexts, as well as among treatments by a wide array of other artists, philosophers, and political thinkers, including Voltaire, Lessing, Shelley, Heine, Delacroix, and Berlioz.In an age of decisive political and religious conflict, "Walpurgis Night" became a heathen muse: a source of spiritual inspiration that was neither specifically Christian, nor Jewish, nor Muslim.  And Mendelssohn's and Goethe's engagements with it offer new insights into its role in European cultural history, as well as into issues of political, religious, and social identity - and the relations between cultural groups - in today's world. John Michael Cooper (Southwestern University) is the author of "Mendelssohn's "Italian" Symphony" (Oxford University Press).</subfield>
      <subfield code="1">Nielsen</subfield>
      <subfield code="x">9781580462525</subfield>
      <subfield code="x">20160528</subfield>
    </datafield>
    <datafield tag="918" ind1=" " ind2=" ">
      <subfield code="a">6853178</subfield>
    </datafield>
    <datafield tag="950" ind1=" " ind2=" ">
      <subfield code="a">ML410 .M5 C66 2007</subfield>
      <subfield code="i">36105123269487</subfield>
      <subfield code="1">MUSIC</subfield>
      <subfield code="2">STACKS</subfield>
    </datafield>
  </record>
</collection>
